@online{RTI,
    author = "RT-HIL Academy",
    title  = "Real-Time Hardware-In-The-Loop Simulation: Fundamentals \& Popular Platforms",
    url    = "https://www.youtube.com/watch?v=jcpL6gjT-nk",
    addendum = "(accessed: 12.08.2022)",
}

@article{RCP,
  title={Rapid control prototyping using MATLAB/Simulink and a DSP-based motor controller},
  author={Hercog, Darko and Jezernik, Karel},
  journal={International Journal of Engineering Education},
  volume={21},
  number={4},
  pages={596},
  year={2005},
  publisher={Citeseer}
}